<record><leader>00000cas a22000007a 4500</leader><controlfield tag="001">13191960</controlfield><controlfield tag="008">860224d18671868inuwr ne      0    0eng d</controlfield><datafield ind1=" " ind2=" " tag="010"><subfield code="a">sn 86058033 </subfield></datafield><datafield ind1=" " ind2=" " tag="040"><subfield code="a">NPI</subfield><subfield code="b">eng</subfield><subfield code="c">NPI</subfield><subfield code="d">OCLCQ</subfield></datafield><datafield ind1=" " ind2=" " tag="042"><subfield code="a">msc</subfield></datafield><datafield ind1="0" ind2="0" tag="245"><subfield code="a">Valparaiso Republican.</subfield></datafield><datafield ind1=" " ind2=" " tag="260"><subfield code="a">Valparaiso, Ind. :</subfield><subfield code="b">Orrin E. Harper &amp; Co.,</subfield><subfield code="c">1867-1868.</subfield></datafield><datafield ind1=" " ind2=" " tag="300"><subfield code="a">v. :</subfield><subfield code="b">ill. (chiefly advertisements) ;</subfield><subfield code="c">66 cm.</subfield></datafield><datafield ind1=" " ind2=" " tag="310"><subfield code="a">Weekly</subfield></datafield><datafield ind1="0" ind2=" " tag="362"><subfield code="a">Vol. 1, no. 1 (Jan. 10, 1867)-v. 2, no. 29 (July 23, 1868).</subfield></datafield><datafield ind1=" " ind2=" " tag="500"><subfield code="a">"Independent Republican" Cf. Miller.</subfield></datafield><datafield ind1=" " ind2=" " tag="580"><subfield code="a">Merged with: Vidette and republic, to form: Porter County vidette and Republican. Cf. Miller, John W. Indiana newspaper bibliog.</subfield></datafield><datafield ind1=" " ind2=" " tag="752"><subfield code="a">United States</subfield><subfield code="b">Indiana</subfield><subfield code="c">Porter</subfield><subfield code="d">Valparaiso.</subfield></datafield><datafield ind1="1" ind2="7" tag="785"><subfield code="t">Vidette and republic</subfield><subfield code="w">(DLC)sn 86058335</subfield></datafield><datafield ind1="1" ind2="7" tag="785"><subfield code="t">Porter County vidette and Republican</subfield><subfield code="w">(DLC)sn 85033262</subfield></datafield><datafield ind1="1" ind2=" " tag="029"><subfield code="a">AU@</subfield><subfield code="b">000025799985</subfield></datafield></record>